<record><leader>00000cas a22000007a 4500</leader><controlfield tag="001">20403648</controlfield><controlfield tag="008">890927d19591965cauwr ne      0   a0eng d</controlfield><datafield ind1=" " ind2=" " tag="010"><subfield code="a">sn 98061004 </subfield></datafield><datafield ind1=" " ind2=" " tag="040"><subfield code="a">CSP</subfield><subfield code="b">eng</subfield><subfield code="c">CSP</subfield><subfield code="d">CNK</subfield><subfield code="d">OCLCQ</subfield><subfield code="d">OCLCF</subfield><subfield code="d">OCLCO</subfield></datafield><datafield ind1="1" ind2=" " tag="029"><subfield code="a">AU@</subfield><subfield code="b">000013798144</subfield></datafield><datafield ind1=" " ind2=" " tag="042"><subfield code="a">msc</subfield></datafield><datafield ind1=" " ind2=" " tag="043"><subfield code="a">n-us-ca</subfield></datafield><datafield ind1="0" ind2="0" tag="245"><subfield code="a">Lockeford-Clements post.</subfield></datafield><datafield ind1=" " ind2=" " tag="260"><subfield code="a">Linden, Calif. :</subfield><subfield code="b">Linden Pub.</subfield></datafield><datafield ind1=" " ind2=" " tag="300"><subfield code="a">v.</subfield></datafield><datafield ind1=" " ind2=" " tag="310"><subfield code="a">Weekly</subfield></datafield><datafield ind1="0" ind2=" " tag="362"><subfield code="a">Vol. 1, no. 1 (Dec. 11, 1959)-v. 7, no. 34 (Aug. 26, 1965).</subfield></datafield><datafield ind1=" " ind2="0" tag="651"><subfield code="a">San Joaquin County (Calif.)</subfield><subfield code="v">Newspapers.</subfield></datafield><datafield ind1=" " ind2="7" tag="655"><subfield code="a">Newspapers.</subfield><subfield code="2">fast</subfield><subfield code="0">(OCoLC)fst01423814</subfield></datafield><datafield ind1=" " ind2="7" tag="651"><subfield code="a">California</subfield><subfield code="z">San Joaquin County.</subfield><subfield code="2">fast</subfield><subfield code="0">(OCoLC)fst01215055</subfield></datafield><datafield ind1=" " ind2=" " tag="752"><subfield code="a">United States</subfield><subfield code="b">California</subfield><subfield code="c">San Joaquin</subfield><subfield code="d">Linden.</subfield></datafield></record>